@article{barnes2015fanfiction,
  title={Fanfiction as imaginary play: What fan-written stories can tell us about the cognitive science of fiction},
  author={Barnes, Jennifer L},
  journal={Poetics},
  volume={48},
  pages={69--82},
  year={2015},
  publisher={Elsevier}
}

@inproceedings{milli2016beyond,
  title={Beyond canonical texts: A computational analysis of fanfiction},
  author={Milli, Smitha and Bamman, David},
  booktitle={Proceedings of the 2016 Conference on Empirical Methods in Natural Language Processing},
  pages={2048--2053},
  year={2016}
}

@inproceedings{yin2017no,
  title={Where No One Has Gone Before: A Meta-Dataset of the World's Largest Fanfiction Repository},
  author={Yin, Kodlee and Aragon, Cecilia and Evans, Sarah and Davis, Katie},
  booktitle={Proceedings of the 2017 CHI Conference on Human Factors in Computing Systems},
  pages={6106--6110},
  year={2017},
  organization={ACM}
}

@book{larsen2011fandom,
  title={Fandom at the crossroads: Celebration, shame and fan/producer relationships},
  author={Larsen, Katherine and Zubernis, Lynn},
  year={2011},
  publisher={Cambridge Scholars Publishing}
}
