@article{barnes2015fanfiction,
  title={Fanfiction as imaginary play: What fan-written stories can tell us about the cognitive science of fiction},
  author={Barnes, Jennifer L},
  journal={Poetics},
  volume={48},
  pages={69--82},
  year={2015},
  publisher={Elsevier}
}

@inproceedings{milli2016beyond,
  title={Beyond canonical texts: A computational analysis of fanfiction},
  author={Milli, Smitha and Bamman, David},
  booktitle={Proceedings of the 2016 Conference on Empirical Methods in Natural Language Processing},
  pages={2048--2053},
  year={2016}
}

@inproceedings{yin2017no,
  title={Where No One Has Gone Before: A Meta-Dataset of the World's Largest Fanfiction Repository},
  author={Yin, Kodlee and Aragon, Cecilia and Evans, Sarah and Davis, Katie},
  booktitle={Proceedings of the 2017 CHI Conference on Human Factors in Computing Systems},
  pages={6106--6110},
  year={2017},
  organization={ACM}
}

@misc{fictionratings,
    author={Li, Xing},
    title={Fiction {R}atings},
    note={https://fictionratings.com},
    year={2005},
    urldate={2018-05-07}
}

@book{larsen2011fandom,
  title={Fandom at the crossroads: Celebration, shame and fan/producer relationships},
  author={Larsen, Katherine and Zubernis, Lynn},
  year={2011},
  publisher={Cambridge Scholars Publishing}
}

@article{nickel2016review,
  title={A review of relational machine learning for knowledge graphs},
  author={Nickel, Maximilian and Murphy, Kevin and Tresp, Volker and Gabrilovich, Evgeniy},
  journal={Proceedings of the IEEE},
  volume={104},
  number={1},
  pages={11--33},
  year={2016},
  publisher={IEEE}
}

@inproceedings{breese1998empirical,
  title={Empirical analysis of predictive algorithms for collaborative filtering},
  author={Breese, John S and Heckerman, David and Kadie, Carl},
  booktitle={Proceedings of the Fourteenth conference on Uncertainty in artificial intelligence},
  pages={43--52},
  year={1998},
  organization={Morgan Kaufmann Publishers Inc.}
}

@article{yang2017combining,
  title={Combining content-based and collaborative filtering for job recommendation system: A cost-sensitive Statistical Relational Learning approach},
  author={Yang, Shuo and Korayem, Mohammed and AlJadda, Khalifeh and Grainger, Trey and Natarajan, Sriraam},
  journal={Knowledge-Based Systems},
  volume={136},
  pages={37--45},
  year={2017},
  publisher={Elsevier}
}
